<?xml version="1.0" encoding="UTF-8"?><collection xmlns="http://www.loc.gov/MARC21/slim"><record><leader>00536nam--2200181-i-4500</leader><controlfield tag="001">000007136</controlfield><controlfield tag="002">20161230</controlfield><controlfield tag="005">20161230201027</controlfield><controlfield tag="008">060222s1000------------r-----000-0-eng-d</controlfield><datafield ind1=" " ind2=" " tag="040"><subfield code="a">IFIN-HH</subfield></datafield><datafield ind1=" " ind2=" " tag="080"><subfield code="a">538.4:533.9</subfield></datafield><datafield ind1="1" ind2=" " tag="100"><subfield code="a">Shercliff,J.A</subfield></datafield><datafield ind1="1" ind2="0" tag="245"><subfield code="a">A textbook of magnetohydrodynamics</subfield><subfield code="b">Applied electricity and electronics division</subfield><subfield code="c">J.a. shercliff</subfield></datafield><datafield ind1=" " ind2=" " tag="260"><subfield code="a">Oxford</subfield><subfield code="b">Pergamon Press</subfield><subfield code="c">1965</subfield></datafield><datafield ind1=" " ind2=" " tag="300"><subfield code="a">257P</subfield></datafield><datafield ind1=" " ind2=" " tag="490"><subfield code="a">The Commonwealth And International Library</subfield></datafield><datafield ind1=" " ind2=" " tag="852"><subfield code="a">24287</subfield><subfield code="c">538.4</subfield></datafield><datafield ind1=" " ind2=" " tag="CAT"><subfield code="a">Sys</subfield><subfield code="c">20110919</subfield><subfield code="h">164902</subfield></datafield></record></collection>